@article{basf2-paper,
  title     = {The Belle II Core Software: Belle II Framework Software Group},
  volume    = {3},
  issn      = {2510-2044},
  url       = {http://dx.doi.org/10.1007/s41781-018-0017-9},
  doi       = {10.1007/s41781-018-0017-9},
  number    = {1},
  journal   = {Computing and Software for Big Science},
  publisher = {Springer Science and Business Media LLC},
  author    = {Kuhr, T. and Pulvermacher, C. and Ritter, M. and Hauth, T. and Braun, N.},
  year      = {2018},
  month     = nov
}

@software{basf2,
  author    = {{The Belle II Collaboration}},
  title     = {Belle II Analysis Software Framework (basf2)},
  date      = {2025-01-18},
  publisher = {Zenodo},
  version   = {release-09-00-00},
  doi       = {10.5281/zenodo.5574115},
  url       = {https://software.belle2.org},
  note      = {Source code available at \url{https://github.com/belle2/basf2}}
}

@online{v0fitter-doxygen,
  author  = {{The Belle II Collaboration}},
  date    = {2025-01-18},
  title   = {basf2 Doxygen Documentation --- V0Fitter},
  url     = {https://software.belle2.org/release-09-00-00/doxygen/classBelle2_1_1V0Fitter.html},
  urldate = {2025-07-15}
}

@online{b2timer-doxygen,
  author  = {{The Belle II Collaboration}},
  date    = {2025-01-18},
  title   = {basf2 Doxygen Documentation --- Utils::Timer},
  url     = {https://software.belle2.org/release-09-00-00/doxygen/classBelle2_1_1Utils_1_1Timer.html},
  urldate = {2025-07-15}
}

@online{trackfitter-fit-doxygen,
  author  = {{The Belle II Collaboration}},
  date    = {2025-01-18},
  title   = {basf2 Doxygen Documentation --- TrackFitter::fit},
  url     = {https://software.belle2.org/release-09-00-00/doxygen/classBelle2_1_1TrackFitter.html#abb4a849613f8a34fc298b4c41706c15b},
  urldate = {2025-07-30}
}

@online{v0finder-doxygen,
  author  = {{The Belle II Collaboration}},
  date    = {2025-01-18},
  title   = {basf2 Doxygen Documentation --- V0FinderModule},
  url     = {https://software.belle2.org/release-09-00-00/doxygen/classBelle2_1_1V0FinderModule.html},
  urldate = {2025-07-15}
}

@online{recotrack-doxygen,
  author  = {{The Belle II Collaboration}},
  date    = {2025-01-18},
  title   = {basf2 Doxygen Documentation --- RecoTrack},
  url     = {https://software.belle2.org/release-09-00-00/doxygen/classBelle2_1_1RecoTrack.html},
  urldate = {2025-07-15}
}

@online{b2track-doxygen,
  author  = {{The Belle II Collaboration}},
  date    = {2025-01-18},
  title   = {basf2 Doxygen Documentation --- Track},
  url     = {https://software.belle2.org/release-09-00-00/doxygen/classBelle2_1_1Track.html},
  urldate = {2025-07-15}
}

@online{ParticleGun-sphinx,
  author  = {{The Belle II Collaboration}},
  date    = {2025-01-18},
  title   = {basf2 Sphinx Documentation --- ParticleGun Module},
  url     = {https://software.belle2.org/release-09-00-00/sphinx/generators/doc/modules.html#module-ParticleGun},
  urldate = {2025-07-30}
}

@online{basf2-path-schema,
  author  = {{The Belle II Collaboration}},
  date    = {2025-01-18},
  title   = {basf2 Sphinx Documentation --- Modules and Paths},
  url     = {https://software.belle2.org/development/sphinx/framework/doc/modules_paths.html#id1},
  urldate = {2025-07-30}
}

@online{recogfaccess-doxygen,
  author  = {{The Belle II Collaboration}},
  date    = {2025-01-18},
  title   = {basf2 Doxygen Documentation --- RecoTrackGenfitAccess},
  url     = {https://software.belle2.org/release-09-00-00/doxygen/classBelle2_1_1RecoTrackGenfitAccess.html},
  urldate = {2025-07-15}
}

@online{b2v0-doxygen,
  author  = {{The Belle II Collaboration}},
  date    = {2025-01-18},
  title   = {basf2 Doxygen Documentation --- V0},
  url     = {https://software.belle2.org/release-09-00-00/doxygen/classBelle2_1_1V0.html},
  urldate = {2025-07-15}
}

@online{v0finding-basf2,
  author  = {{The Belle II Collaboration}},
  date    = {2025-01-18},
  title   = {basf2 Sphinx Documentation --- V0 Finding},
  url     = {https://software.belle2.org/release-09-00-00/sphinx/tracking/doc/specials.html#v0-finding},
  urldate = {2025-07-15}
}

@article{b2-physics-book,
  title     = {The Belle II Physics Book},
  volume    = {2019},
  issn      = {2050-3911},
  url       = {http://dx.doi.org/10.1093/ptep/ptz106},
  doi       = {10.1093/ptep/ptz106},
  number    = {12},
  journal   = {Progress of Theoretical and Experimental Physics},
  publisher = {Oxford University Press (OUP)},
  author    = {Kou, E and others},
  year      = {2019},
  month     = dec
}

@article{genfit,
  author    = {Rauch, Johannes and Schlüter, Tobias},
  month     = {4},
  publisher = {IOP Publishing},
  volume    = {608},
  number    = {1},
  journal   = {Journal of Physics: Conference Series},
  title     = {GENFIT — a Generic Track-Fitting Toolkit},
  year      = {2015},
  doi       = {10.1088/1742-6596/608/1/012042},
  url       = {https://dx.doi.org/10.1088/1742-6596/608/1/012042}
}

@article{rave,
  title   = {RAVE—a Detector-independent vertex reconstruction toolkit},
  journal = {Nuclear Instruments and Methods in Physics Research Section A: Accelerators, Spectrometers, Detectors and Associated Equipment},
  volume  = {581},
  number  = {1},
  pages   = {549-552},
  year    = {2007},
  note    = {VCI 2007},
  issn    = {0168-9002},
  doi     = {10.1016/j.nima.2007.08.048},
  url     = {https://www.sciencedirect.com/science/article/pii/S0168900207017196},
  author  = {Waltenberger, Wolfgang and Mitaroff, Winfried and Moser, Fabian }
}

@software{gprof2dot,
  title   = {gprof2dot},
  author  = {Fonseca, José and others},
  url     = {https://github.com/jrfonseca/gprof2dot},
  version = {2025.04.14},
  date    = {2025-04-14},
  note    = {GitHub repository}
}

@software{arangodb,
  title   = {ArangoDB},
  author  = {{The ArangoDB Developer Team}},
  url     = {https://github.com/arangodb/arangodb},
  version = {3.12.5.2},
  date    = {2025-07-30},
  note    = {GitHub repository}
}

@software{mitmproxy,
  title   = {mitmproxy},
  author  = {{The mitmproxy Developer Team}},
  url     = {https://github.com/mitmproxy/mitmproxy},
  version = {12.1.1},
  date    = {2025-05-25},
  note    = {GitHub repository}
}

@software{podman,
  author  = {{Red Hat, Inc.} and others},
  title   = {Podman},
  year    = 2025,
  url     = {https://podman.io/},
  version = {5.0},
  note    = {Daemonless container engine for developing, managing, and running OCI containers}
}

@software{nanobench,
  title   = {Nanobench},
  author  = {Leitner-Ankerl, Martin and others},
  url     = {https://github.com/martinus/nanobench},
  version = {4.3.11},
  date    = {2023-02-16},
  note    = {GitHub repository}
}

@software{chatgpt-exporter,
  title   = {ChatGPT Exporter},
  author  = {{Pionxzh} and others},
  url     = {https://github.com/pionxzh/chatgpt-exporter},
  version = {2.29.1},
  date    = {2025-07-25},
  note    = {GitHub repository}
}

@software{v0ValidationGenerateSample,
  title   = {{v0ValidationGenerateSample.py}},
  author  = {{The Belle II Collaboration}},
  url     = {https://github.com/belle2/basf2/blob/release-09-00-00/tracking/validation/v0ValidationGenerateSample.py},
  version = {release-09-00-00},
  date    = {2025-01-18},
  note    = {basf2 V0 Validation Script}
}

@software{basf2-coding-conventions,
  title   = {coding\_conventions.rst},
  author  = {{The Belle II Collaboration}},
  url     = {https://github.com/belle2/basf2/blob/release-09-00-00/framework/doc/development/coding_conventions.rst},
  version = {release-09-00-00},
  date    = {2025-01-18},
  note    = {basf2 Coding Conventions}
}

@software{v0ValidationCreatePlots,
  title   = {{v0ValidationCreatePlots.py}},
  author  = {{The Belle II Collaboration}},
  url     = {https://github.com/belle2/basf2/blob/release-09-00-00/tracking/validation/v0ValidationCreatePlots.py},
  version = {release-09-00-00},
  date    = {2025-01-18},
  note    = {basf2 V0 Validation Plot Generation Script}
}

@software{KShortGenSimNoBkg,
  title   = {{KShortGenSimNoBkg.py}},
  author  = {{The Belle II Collaboration}},
  url     = {https://github.com/belle2/basf2/blob/release-09-00-00/validation/validation/KShortGenSimNoBkg.py},
  version = {release-09-00-00},
  date    = {2025-01-18},
  note    = {basf2 KShort MC Generation Script}
}

@software{b2validation-plots,
  title   = {{b2validation-plots}},
  author  = {{The Belle II Collaboration}},
  url     = {https://github.com/belle2/basf2/blob/release-09-00-00/validation/tools/b2validation-plots},
  version = {release-09-00-00},
  date    = {2025-01-18},
  note    = {basf2 Validation Plot Comparison Script}
}

@software{clangd,
  title   = {clangd},
  author  = {{LLVM Project}},
  version = {18.1},
  url     = {https://clangd.llvm.org/},
  year    = 2024,
  note    = {C/C++ language server based on Clang}
}

@software{vscode-cpptools,
  title   = {Microsoft C/C++ extension for VS Code},
  author  = {{Microsoft}},
  version = {1.26.3},
  url     = {https://github.com/microsoft/vscode-cpptools},
  date    = {2025-06-25},
  note    = {Visual Studio Code extension}
}

@software{vscode-copilot-extension,
  title   = {GitHub Copilot Extension for VS Code},
  author  = {{GitHub}},
  version = {1.350.0},
  url     = {https://marketplace.visualstudio.com/items?itemName=GitHub.copilot},
  date    = {2025-07-29},
  note    = {Visual Studio Code extension providing inline coding suggestions}
}

@software{vscode-copilot-chat-extension,
  title   = {GitHub Copilot Chat Extension for VS Code},
  author  = {{GitHub} and {Microsoft}},
  version = {0.29.1},
  url     = {https://github.com/microsoft/vscode-copilot-chat},
  date    = {2025-07-16},
  note    = {Visual Studio Code extension providing AI chat functionality}
}

@software{vscode-remote,
  title   = {Microsoft Remote Development Pack for VS Code},
  author  = {{Microsoft}},
  version = {0.26.0},
  url     = {https://github.com/microsoft/vscode-remote-release},
  date    = {2025-05-03},
  note    = {Visual Studio Code extension pack}
}

@software{vscode-clangd,
  title   = {Visual Studio Code extension for clangd},
  author  = {{LLVM Project}},
  url     = {https://github.com/clangd/vscode-clangd},
  version = {0.2.0},
  date    = {2025-06-10},
  note    = {Visual Studio Code extension}
}

@software{gdb,
  author  = {{Free Software Foundation}},
  title   = {GNU Debugger (GDB)},
  year    = 2024,
  version = {14.2},
  url     = {https://www.gnu.org/software/gdb/},
  note    = {Debugger for programs written in C, C++, and other languages}
}

@online{dap,
  author  = {{Microsoft}},
  title   = {Debug Adapter Protocol},
  year    = 2024,
  url     = {https://microsoft.github.io/debug-adapter-protocol/},
  urldate = {2025-07-29},
  note    = {Specification for communicating between development tools and debuggers}
}

@software{vim,
  author  = {Moolenaar, Bram and others},
  title   = {Vim: The Editor},
  year    = 2019,
  version = {8.2},
  url     = {https://www.vim.org/},
  note    = {Highly configurable text editor}
}

@online{overlayfs,
  author  = {{Linux Kernel Community}},
  title   = {OverlayFS --— Overlay Filesystem},
  year    = 2024,
  url     = {https://www.kernel.org/doc/html/latest/filesystems/overlayfs.html},
  urldate = {2025-07-29},
  note    = {A union mount filesystem implementation in the Linux kernel}
}

@software{fuse-overlayfs,
  author  = {Scrivano, Giuseppe and others},
  title   = {fuse-overlayfs},
  year    = 2023,
  version = {1.13},
  url     = {https://github.com/containers/fuse-overlayfs},
  note    = {FUSE implementation for OverlayFS}
}

@article{numpy,
  author  = {Harris, Charles R. and others},
  title   = {Array programming with {NumPy}},
  journal = {Nature},
  year    = {2020},
  volume  = {585},
  pages   = {357-362},
  doi     = {10.1038/s41586-020-2649-2}
}

@software{awkwardarray,
  author = {Pivarski, Jim and others},
  doi    = {10.5281/zenodo.4341376},
  month  = {10},
  title  = {{Awkward Array}},
  year   = {2018}
}

@software{pandas,
  author    = {{The pandas development team}},
  title     = {Pandas},
  date      = {2025-04-10},
  publisher = {Zenodo},
  version   = {v2.2.2},
  doi       = {10.5281/zenodo.3509134},
  url       = {https://doi.org/10.5281/zenodo.3509134}
}

@inproceedings{valgrind-paper,
  author    = {Nethercote, Nicholas and Seward, Julian},
  title     = {Valgrind: a framework for heavyweight dynamic binary instrumentation},
  year      = {2007},
  isbn      = {9781595936332},
  publisher = {Association for Computing Machinery},
  url       = {https://doi.org/10.1145/1250734.1250746},
  doi       = {10.1145/1250734.1250746},
  booktitle = {Proceedings of the 28th ACM SIGPLAN Conference on Programming Language Design and Implementation},
  pages     = {89-100},
  numpages  = {12},
  keywords  = {Memcheck, Valgrind, dynamic binary analysis, dynamic binary instrumentation, shadow values},
  location  = {San Diego, California, USA},
  series    = {PLDI '07}
}

@inproceedings{callgrind-paper,
  author    = {Weidendorfer, Josef
               and Kowarschik, Markus
               and Trinitis, Carsten},
  editor    = {Bubak, Marian
               and van Albada, Geert Dick
               and Sloot, Peter M. A.
               and Dongarra, Jack},
  title     = {A Tool Suite for Simulation Based Analysis of Memory Access Behavior},
  booktitle = {Computational Science - ICCS 2004},
  year      = {2004},
  publisher = {Springer Berlin Heidelberg},
  address   = {Berlin, Heidelberg},
  pages     = {440--447},
  isbn      = {978-3-540-24688-6}
}

@online{valgrind-manpage,
  author  = {{The Valgrind Developers}},
  date    = {2025-05-20},
  title   = {Valgrind User Manual},
  url     = {https://valgrind.org/docs/manual/manual.html},
  urldate = {2025-07-20}
}

@article{graphviz,
  author = {Ellson, John and Gansner, Emden and Koutsofios, Eleftherios and North, Stephen and Woodhull, Gordon},
  year   = {2004},
  month  = {01},
  pages  = {127-148},
  title  = {Graphviz and Dynagraph -- Static and Dynamic Graph Drawing Tools},
  isbn   = {978-3-642-62214-4},
  doi    = {10.1007/978-3-642-18638-7_6}
}

@book{computer-architecture,
  title     = {Computer Architecture},
  author    = {Hennessy, John L and Patterson, David A},
  publisher = {Morgan Kaufmann},
  series    = {The Morgan Kaufmann Series in Computer Architecture and Design},
  edition   = 6,
  month     = nov,
  year      = 2017,
  address   = {Oxford, England},
  language  = {en}
}

@software{vscode,
  title   = {Visual Studio Code},
  author  = {{Microsoft}},
  date    = {2025-07-22},
  url     = {https://code.visualstudio.com/},
  version = {1.102.2}
}

@online{metaprompting,
  author  = {Musatoiu, Teodora},
  title   = {Enhance Your Prompts with Meta-Prompting},
  date    = {2024-10-23},
  url     = {https://cookbook.openai.com/examples/enhance_your_prompts_with_meta_prompting},
  urldate = {2025-07-29}
}

@online{livebench-website,
  author  = {White, Colin and others},
  title   = {LiveBench},
  year    = 2025,
  url     = {https://livebench.ai},
  urldate = {2025-07-24}
}

@misc{livebench-paper,
  title         = {LiveBench: A Challenging, Contamination-Limited LLM Benchmark},
  author        = {White, Colin and others},
  year          = {2025},
  eprint        = {2406.19314},
  archiveprefix = {arXiv},
  primaryclass  = {cs.CL},
  url           = {https://arxiv.org/abs/2406.19314}
}

@online{lmarena-website,
  author  = {Chiang, Wei-Lin and others},
  title   = {LMArena},
  year    = 2025,
  url     = {https://lmarena.ai/leaderboard},
  urldate = {2025-07-24}
}

@misc{lmarena-paper,
  title         = {Chatbot Arena: An Open Platform for Evaluating LLMs by Human Preference},
  author        = {Chiang, Wei-Lin and others},
  year          = {2024},
  eprint        = {2403.04132},
  archiveprefix = {arXiv},
  primaryclass  = {cs.AI},
  url           = {https://arxiv.org/abs/2403.04132}
}

@software{claude-sonnet4,
  author  = {{Anthropic}},
  title   = {Claude 4},
  date    = {2025-05-22},
  version = {Sonnet 4},
  url     = {https://www.anthropic.com/news/claude-4},
  note    = {LLM developed by Anthropic}
}

@software{claude-opus4,
  author  = {{Anthropic}},
  title   = {Claude 4},
  date    = {2025-05-22},
  version = {Opus 4},
  url     = {https://www.anthropic.com/news/claude-4},
  note    = {LLM developed by Anthropic}
}

@software{claude-sonnet37,
  author  = {{Anthropic}},
  title   = {Claude Sonnet 3.7},
  date    = {2025-02-24},
  version = {Sonnet 3.7 Thinking},
  url     = {https://www.anthropic.com/news/claude-3-7-sonnet},
  note    = {LLM developed by Anthropic}
}

@software{claude-sonnet35,
  author  = {{Anthropic}},
  title   = {Claude Sonnet 3.5},
  date    = {2024-06-21},
  version = {Sonnet 3.5},
  url     = {https://www.anthropic.com/news/claude-3-5-sonnet},
  note    = {LLM developed by Anthropic}
}

@software{gemini25pro,
  author  = {{Google Gemini Team}},
  title   = {Gemini 2.5},
  date    = {2025-03-25},
  version = {2.5 Pro},
  url     = {https://blog.google/technology/google-deepmind/gemini-model-thinking-updates-march-2025/#gemini-2-5-thinking},
  note    = {LLM developed by Google}
}

@software{gemini20flash,
  author  = {{Google Gemini Team}},
  title   = {Gemini 2.0},
  date    = {2024-12-11},
  version = {2.0 Flash},
  url     = {https://blog.google/technology/google-deepmind/google-gemini-ai-update-december-2024/},
  note    = {LLM developed by Google}
}



@software{o4mini,
  author  = {{openAI}},
  title   = {OpenAI o4-mini},
  date    = {2025-04-16},
  version = {o4-mini},
  url     = {https://openai.com/index/introducing-o3-and-o4-mini/},
  note    = {LLM developed by openAI}
}

@software{o3,
  author  = {{openAI}},
  title   = {OpenAI o3},
  date    = {2025-04-16},
  version = {o4-mini},
  url     = {https://openai.com/index/introducing-o3-and-o4-mini/},
  note    = {LLM developed by openAI}
}

@software{gpt-4o,
  author  = {{openAI}},
  title   = {GPT-4o},
  date    = {2025-05-13},
  version = {GPT-4o},
  url     = {https://openai.com/index/hello-gpt-4o/},
  note    = {LLM developed by openAI}
}

@software{gpt-41,
  author  = {{openAI}},
  title   = {GPT-4.1},
  date    = {2025-04-14},
  version = {GPT-4.1},
  url     = {https://openai.com/index/gpt-4-1/},
  note    = {LLM developed by openAI}
}

@software{chatgpt,
  author = {{OpenAI}},
  title  = {ChatGPT},
  year   = {2025},
  url    = {https://chatgpt.com/},
  note   = {Chat interface accessing various OpenAI LLMs, developed by OpenAI}
}

@article{prompt-quality,
  author         = {Jacobsen, Lucas Jasper and Weber, Kira Elena},
  title          = {The Promises and Pitfalls of Large Language Models as Feedback Providers: A Study of Prompt Engineering and the Quality of AI-Driven Feedback},
  journal        = {AI},
  volume         = {6},
  year           = {2025},
  number         = {2},
  article-number = {35},
  url            = {https://www.mdpi.com/2673-2688/6/2/35},
  issn           = {2673-2688},
  doi            = {10.3390/ai6020035}
}

@article{luminosity,
  author = {Herr, Werner and Muratori, B},
  title  = {{Concept of luminosity}},
  year   = {2006},
  url    = {https://cds.cern.ch/record/941318},
  doi    = {10.5170/CERN-2006-002.361}
}

@software{cloc,
  title   = {cloc},
  author  = {Danial, A. and others},
  url     = {https://github.com/AlDanial/cloc},
  version = {2.06},
  date    = {2025-06-25},
  note    = {GitHub repository}
}

@online{belle2-coordinates,
  author  = {Hara, Takanori and Kuhr, Thomas and Ushiroda, Yutaka},
  title   = {Belle II Coordinate System and Guideline of Belle II Numbering Scheme},
  date    = {2011-08-09},
  url     = {https://indico.mpp.mpg.de/event/2308/contributions/4092/attachments/3414/3799/Belle2NumberingScheme.pdf},
  urldate = {2025-07-30}
}

@article{belle2-components,
  author         = {Banerjee, Swagato},
  title          = {Searches for Lepton Flavor Violation in Tau Decays at Belle II},
  journal        = {Universe},
  volume         = {8},
  year           = {2022},
  number         = {9},
  article-number = {480},
  url            = {https://www.mdpi.com/2218-1997/8/9/480},
  issn           = {2218-1997},
  doi            = {10.3390/universe8090480}
}

@article{belle2-tdr,
  author        = {Abe, T. and others},
  collaboration = {Belle-II},
  title         = {{Belle II Technical Design Report}},
  eprint        = {1011.0352},
  archiveprefix = {arXiv},
  primaryclass  = {physics.ins-det},
  reportnumber  = {KEK-REPORT-2010-1},
  month         = {11},
  year          = {2010}
}

@online{basf2-online-book-sphinx,
  author  = {{The Belle II Collaboration}},
  title   = {The Belle II Software Online Book},
  date    = {2025-01-18},
  url     = {https://software.belle2.org/release-09-00-00/sphinx},
  urldate = {2025-07-30}
}

@online{basf2-doxygen,
  author  = {{The Belle II Collaboration}},
  title   = {basf2 Doxygen Documentation},
  date    = {2025-01-18},
  url     = {https://software.belle2.org/release-09-00-02/doxygen},
  urldate = {2025-07-30}
}

@book{deeplearning-book,
  title     = {Deep Learning},
  author    = {Goodfellow, Ian and Bengio, Yoshua and Courville, Aaron},
  publisher = {MIT Press},
  note      = {\url{http://www.deeplearningbook.org}},
  year      = {2016}
}

@misc{nn-primer,
  title         = {A Primer on Neural Network Models for Natural Language Processing},
  author        = {Goldberg, Yoav},
  year          = {2015},
  eprint        = {1510.00726},
  archiveprefix = {arXiv},
  primaryclass  = {cs.CL},
  url           = {https://arxiv.org/abs/1510.00726}
}

@misc{attention,
  title         = {Attention Is All You Need},
  author        = {Vaswani, Ashish and others},
  year          = {2023},
  eprint        = {1706.03762},
  archiveprefix = {arXiv},
  primaryclass  = {cs.CL},
  url           = {https://arxiv.org/abs/1706.03762}
}


@misc{deepseekv3-report,
  title         = {DeepSeek-V3 Technical Report},
  author        = {{DeepSeek-AI} and others},
  year          = {2025},
  eprint        = {2412.19437},
  archiveprefix = {arXiv},
  primaryclass  = {cs.CL},
  url           = {https://arxiv.org/abs/2412.19437}
}

@misc{mixture-of-experts,
  title         = {Switch Transformers: Scaling to Trillion Parameter Models with Simple and Efficient Sparsity},
  author        = {Fedus, William and Zoph, Barret and Shazeer, Noam},
  year          = {2022},
  eprint        = {2101.03961},
  archiveprefix = {arXiv},
  primaryclass  = {cs.LG},
  url           = {https://arxiv.org/abs/2101.03961}
}

@online{openai-reasoning,
  author  = {{OpenAI}},
  title   = {Learning to reason with LLMs},
  date    = {2024-09-12},
  url     = {https://openai.com/index/learning-to-reason-with-llms},
  urldate = {2025-07-29}
}

@misc{chain-of-thought,
  title         = {Chain-of-Thought Prompting Elicits Reasoning in Large Language Models},
  author        = {Wei, Jason and Wang, Xuezhi and others},
  year          = {2023},
  eprint        = {2201.11903},
  archiveprefix = {arXiv},
  primaryclass  = {cs.CL},
  url           = {https://arxiv.org/abs/2201.11903}
}

@misc{rag-paper,
  title         = {Retrieval-Augmented Generation for Knowledge-Intensive NLP Tasks},
  author        = {Lewis, Patrick and Perez, Ethan and others},
  year          = {2021},
  eprint        = {2005.11401},
  archiveprefix = {arXiv},
  primaryclass  = {cs.CL},
  url           = {https://arxiv.org/abs/2005.11401}
}

@book{ai-modern-approach,
  title     = {Artificial Intelligence: A Modern Approach},
  author    = {Russell, Stuart and Norvig, Peter},
  edition   = {4},
  year      = {2020},
  publisher = {Pearson},
  address   = {Hoboken, NJ},
  isbn      = {9780134610993}
}

@misc{codex-paper,
  title         = {Evaluating Large Language Models Trained on Code},
  author        = {Chen, Mark and others},
  year          = {2021},
  eprint        = {2107.03374},
  archiveprefix = {arXiv},
  primaryclass  = {cs.LG},
  url           = {https://arxiv.org/abs/2107.03374}
}

@article{llm-survey,
  title   = {A Survey of Large Language Models},
  author  = {Zhao, Wayne Xin and others},
  year    = {2023},
  journal = {arXiv preprint arXiv:2303.18223},
  url     = {http://arxiv.org/abs/2303.18223}
}

@misc{gpt3-paper,
  title         = {Language Models are Few-Shot Learners},
  author        = {Brown, Tom B. and others},
  year          = {2020},
  eprint        = {2005.14165},
  archiveprefix = {arXiv},
  primaryclass  = {cs.CL},
  url           = {https://arxiv.org/abs/2005.14165}
}

@article{transformer-survey,
  title    = {A comprehensive survey on applications of transformers for deep learning tasks},
  journal  = {Expert Systems with Applications},
  volume   = {241},
  pages    = {122666},
  year     = {2024},
  issn     = {0957-4174},
  doi      = {https://doi.org/10.1016/j.eswa.2023.122666},
  url      = {https://www.sciencedirect.com/science/article/pii/S0957417423031688},
  author   = {Islam, Saidul and others},
  keywords = {Transformer, Self-attention, Deep learning, Natural language processing (NLP), Computer vision (CV), Multi-modality}
}

@misc{reasoning-survey,
  title         = {Towards Reasoning in Large Language Models: A Survey},
  author        = {Jie Huang and Kevin Chen-Chuan Chang},
  year          = {2023},
  eprint        = {2212.10403},
  archiveprefix = {arXiv},
  primaryclass  = {cs.CL},
  url           = {https://arxiv.org/abs/2212.10403}
}

@misc{deepseekr1-report,
  title         = {DeepSeek-R1: Incentivizing Reasoning Capability in LLMs via Reinforcement Learning},
  author        = {{DeepSeek-AI} and others},
  year          = {2025},
  eprint        = {2501.12948},
  archiveprefix = {arXiv},
  primaryclass  = {cs.CL},
  url           = {https://arxiv.org/abs/2501.12948}
}

@inproceedings{gpt-family-paper,
  title  = {Improving Language Understanding by Generative Pre-Training},
  author = {Alec Radford and Karthik Narasimhan},
  year   = {2018},
  url    = {https://api.semanticscholar.org/CorpusID:49313245}
}

@misc{agent-paper,
  title         = {The Landscape of Emerging AI Agent Architectures for Reasoning, Planning, and Tool Calling: A Survey},
  author        = {Tula Masterman and Sandi Besen and Mason Sawtell and Alex Chao},
  year          = {2024},
  eprint        = {2404.11584},
  archiveprefix = {arXiv},
  primaryclass  = {cs.AI},
  url           = {https://arxiv.org/abs/2404.11584}
}

@online{copilot-docs,
  author  = {{GitHub}},
  title   = {GitHub Copilot Documentation},
  year    = 2025,
  url     = {https://docs.github.com/en/copilot},
  urldate = {2025-07-30}
}

@online{copilot-product-page,
  author  = {{GitHub}},
  title   = {GitHub Copilot Product Page},
  year    = 2025,
  url     = {https://github.com/features/copilot},
  urldate = {2025-07-30}
}

@online{copilot-user-count,
  author  = {Zeff, Maxwell},
  title   = {GitHub Copilot crosses 20M all-time users},
  url     = {https://techcrunch.com/2025/07/30/github-copilot-crosses-20-million-all-time-users/},
  date    = {2025-07-30},
  urldate = {2025-07-30}
}

@online{copilot-llm-select,
  author  = {Warren, Tom},
  title   = {GitHub Copilot will support models from Anthropic, Google, and OpenAI},
  url     = {https://www.theverge.com/2024/10/29/24282544/github-copilot-multi-model-anthropic-google-open-ai-github-spark-announcement},
  urldate = {2025-07-30},
  date    = {2024-10-29}
}

@online{vscode-copilot-docs,
  author  = {{Microsoft}},
  title   = {VS Code Docs --- GitHub Copilot in VS Code},
  url     = {https://code.visualstudio.com/docs/copilot/overview},
  urldate = {2025-07-28},
  year    = {2025}
}

@online{github-student-dev-pack,
  author  = {{GitHub}},
  title   = {GitHub Student Developer Pack},
  url     = {https://education.github.com/pack},
  urldate = {2025-07-28},
  year    = {2025}
}

@online{artificial-analysis-models,
  author  = {{Artificial Analysis}},
  title   = {Artificial Analysis AI Models Comparison},
  url     = {https://artificialanalysis.ai/models},
  urldate = {2025-08-03},
  year    = {2025}
}

@online{artificial-analysis-methodology,
  author  = {{Artificial Analysis}},
  title   = {Artificial Analysis Benchmarking Methodology},
  url     = {https://artificialanalysis.ai/methodology},
  urldate = {2025-08-03},
  year    = {2025}
}

@online{copilot-models,
  author  = {{GitHub}},
  title   = {Supported AI models in Copilot},
  url     = {https://docs.github.com/en/copilot/reference/ai-models/supported-models},
  urldate = {2025-08-05},
  year    = {2025}
}

@online{stackoverflow-decline,
  author  = {Breunig, Drew},
  title   = {StackOverflow's LLM-Accelerated Decline},
  url     = {https://www.dbreunig.com/2025/05/16/stackoverflow-s-decline.html},
  urldate = {2025-08-06},
  date    = {2025-05-16}
}

@online{claude-online,
  author = {{Anthropic}},
  title  = {Claude Chat},
  url    = {https://claude.ai},
  year   = {2025}
}

@software{model-context-protocol,
  author  = {{Model Context Protocol Community} and {Anthropic}},
  title   = {Model Context Protocol Specification},
  date    = {2025-06-18},
  version = {2025-06-18},
  url     = {https://modelcontextprotocol.io/overview},
  note    = {Specification source code available at \url{https://github.com/modelcontextprotocol/modelcontextprotocol}}
}

@misc{benchmark-contamination,
  title         = {Unveiling the Spectrum of Data Contamination in Language Models: A Survey from Detection to Remediation},
  author        = {Chunyuan Deng and Yilun Zhao and Yuzhao Heng and Yitong Li and Jiannan Cao and Xiangru Tang and Arman Cohan},
  year          = {2024},
  eprint        = {2406.14644},
  archiveprefix = {arXiv},
  primaryclass  = {cs.CL},
  url           = {https://arxiv.org/abs/2406.14644}
}

@misc{trust-ai-benchmarks,
  title         = {Can We Trust AI Benchmarks? An Interdisciplinary Review of Current Issues in AI Evaluation},
  author        = {Maria Eriksson and Erasmo Purificato and Arman Noroozian and Joao Vinagre and Guillaume Chaslot and Emilia Gomez and David Fernandez-Llorca},
  year          = {2025},
  eprint        = {2502.06559},
  archiveprefix = {arXiv},
  primaryclass  = {cs.AI},
  url           = {https://arxiv.org/abs/2502.06559}
}

@article{alphadev,
  author  = {Mankowitz, Daniel and Michi, Andrea and Zhernov, Anton and Gelmi, Marco and Selvi, Marco and Paduraru, Cosmin and Leurent, Edouard and Iqbal, Shariq and Lespiau, Jean-Baptiste and Ahern, Alex and Köppe, Thomas and Millikin, Kevin and Gaffney, Stephen and Elster, Sophie and Broshear, Jackson and Gamble, Chris and Milan, Kieran and Tung, Robert and Hwang, Minjae and Silver, David},
  year    = {2023},
  month   = {06},
  pages   = {257-263},
  title   = {Faster sorting algorithms discovered using deep reinforcement learning},
  volume  = {618},
  journal = {Nature},
  doi     = {10.1038/s41586-023-06004-9}
}

@misc{alphazero,
  title         = {Mastering Chess and Shogi by Self-Play with a General Reinforcement Learning Algorithm},
  author        = {David Silver and Thomas Hubert and Julian Schrittwieser and Ioannis Antonoglou and Matthew Lai and Arthur Guez and Marc Lanctot and Laurent Sifre and Dharshan Kumaran and Thore Graepel and Timothy Lillicrap and Karen Simonyan and Demis Hassabis},
  year          = {2017},
  eprint        = {1712.01815},
  archiveprefix = {arXiv},
  primaryclass  = {cs.AI},
  url           = {https://arxiv.org/abs/1712.01815}
}

@online{svg-1,
  title        = {ArangoDB Icon},
  organization = {Streamline HQ},
  url          = {https://www.streamlinehq.com/icons/download/arangodb-icon--31103},
  urldate      = {2025-08-07},
  note         = {Icon resource}
}

@online{svg-2,
  title        = {GitHub Copilot Icon},
  organization = {UXWing},
  url          = {https://uxwing.com/github-copilot-icon/},
  urldate      = {2025-08-07},
  note         = {Icon resource}
}

@online{svg-3,
  title        = {Folder Open SVG Icon},
  organization = {SVG Repo},
  url          = {https://www.svgrepo.com/svg/535397/folder-open},
  urldate      = {2025-08-07},
  note         = {SVG icon resource}
}

@online{svg-4,
  title        = {File SVG Icon},
  organization = {SVG Repo},
  url          = {https://www.svgrepo.com/svg/535388/file},
  urldate      = {2025-08-07},
  note         = {SVG icon resource}
}

@online{svg-5,
  title        = {Python Logo (No Text)},
  organization = {Wikimedia Commons},
  url          = {https://commons.wikimedia.org/wiki/File:Python-logo-notext.svg},
  urldate      = {2025-08-07},
  note         = {SVG logo file}
}

@online{svg-6,
  title        = {Podman Icon},
  organization = {Tech Icons},
  url          = {https://techicons.dev/icons/podman},
  urldate      = {2025-08-07},
  note         = {Icon resource}
}

@online{svg-7,
  title        = {Internet SVG Icon},
  organization = {SVG Repo},
  url          = {https://www.svgrepo.com/svg/478288/internet},
  urldate      = {2025-08-07},
  note         = {SVG icon resource}
}

@online{svg-8,
  title        = {Mitmproxy Logo},
  organization = {Wikimedia Commons},
  url          = {https://commons.wikimedia.org/wiki/File:Mitmproxy_logo.svg},
  urldate      = {2025-08-07},
  note         = {SVG logo file}
}

@online{svg-9,
  title        = {VS Code Logo},
  organization = {Wikimedia Commons},
  url          = {https://commons.wikimedia.org/wiki/File:Visual_Studio_Code_1.35_icon.svg},
  urldate      = {2025-08-07},
  note         = {SVG logo file}
}

@online{git-submodules,
  author    = {Scott Chacon and Ben Straub},
  title     = {Git Tools - Submodules},
  booktitle = {Pro Git},
  url       = {https://git-scm.com/book/en/v2/Git-Tools-Submodules},
  urldate   = {2025-08-05},
  note      = {Chapter 7.11}
}

@online{bridge-network,
  title        = {Bridge network driver},
  organization = {{Docker Inc.}},
  url          = {https://docs.docker.com/engine/network/drivers/bridge/},
  urldate      = {2025-08-05},
  note         = {Podman implementation similar but missing documentation}
}

@inproceedings{overlayfs-schema,
  author    = {Bajer, Marcin},
  booktitle = {2022 9th International Conference on Future Internet of Things and Cloud (FiCloud)},
  title     = {Securing and Hardening Embedded Linux Devices - case study based on NXP i.MX6 Platform},
  year      = {2022},
  volume    = {},
  number    = {},
  pages     = {181-189},
  doi       = {10.1109/FiCloud57274.2022.00032}
}

@online{regex-spec,
  title   = {Regular Expressions},
  author  = {{The Open Group}},
  year    = {1997},
  url     = {https://pubs.opengroup.org/onlinepubs/7908799/xbd/re.html},
  urldate = {2025-08-01}
}

@online{regex101,
  title  = {Regex101},
  author = {Dib, Firas and others},
  year   = {2025},
  url    = {https://regex101.com/}
}

@software{root,
  author    = {Rene Brun and others},
  title     = {ROOT},
  month     = aug,
  year      = 2019,
  publisher = {Zenodo},
  version   = {6-18-02},
  doi       = {10.5281/zenodo.3895860},
  url       = {https://doi.org/10.5281/zenodo.3895860}
}

@article{geant4,
  author        = {Agostinelli, S. and others},
  collaboration = {GEANT4},
  title         = {{GEANT4 - A Simulation Toolkit}},
  reportnumber  = {SLAC-PUB-9350, FERMILAB-PUB-03-339, CERN-IT-2002-003},
  doi           = {10.1016/S0168-9002(03)01368-8},
  journal       = {Nucl. Instrum. Meth. A},
  volume        = {506},
  pages         = {250--303},
  year          = {2003}
}

@software{doxygen,
  author  = {{The Doxygen Developers}},
  title   = {Doxygen},
  date    = {2025-05-24},
  version = {1.14.0},
  url     = {https://github.com/doxygen/doxygen},
  note    = {A documentation generator}
}